<record><leader>00000cas a2200000 a 4500</leader><controlfield tag="001">14120650</controlfield><controlfield tag="008">860821d19381943kyuwr ne      0    0eng d</controlfield><datafield ind1=" " ind2=" " tag="010"><subfield code="a">sn 86069401 </subfield></datafield><datafield ind1=" " ind2=" " tag="040"><subfield code="a">KNP</subfield><subfield code="b">eng</subfield><subfield code="c">KNP</subfield><subfield code="d">OCL</subfield><subfield code="d">OCLCQ</subfield><subfield code="d">KYUBL</subfield><subfield code="d">OCLCQ</subfield><subfield code="d">OCLCF</subfield><subfield code="d">OCLCO</subfield></datafield><datafield ind1="1" ind2=" " tag="029"><subfield code="a">AU@</subfield><subfield code="b">000025824743</subfield></datafield><datafield ind1=" " ind2=" " tag="042"><subfield code="a">msc</subfield></datafield><datafield ind1=" " ind2=" " tag="043"><subfield code="a">n-us-ky</subfield></datafield><datafield ind1="0" ind2="4" tag="245"><subfield code="a">The Providence enterprise.</subfield></datafield><datafield ind1=" " ind2=" " tag="260"><subfield code="a">Providence, Ky. :</subfield><subfield code="b">Providence Pub. Co.,</subfield><subfield code="c">1938-1943.</subfield></datafield><datafield ind1=" " ind2=" " tag="300"><subfield code="a">v. :</subfield><subfield code="b">ill.</subfield></datafield><datafield ind1=" " ind2=" " tag="310"><subfield code="a">Weekly</subfield></datafield><datafield ind1="0" ind2=" " tag="362"><subfield code="a">Vol. 36, no. 38 (Jan. 6, 1938)-v. 41, no. 36 (June 24, 1943).</subfield></datafield><datafield ind1=" " ind2="0" tag="651"><subfield code="a">Providence (Ky.)</subfield><subfield code="v">Newspapers.</subfield></datafield><datafield ind1=" " ind2="0" tag="651"><subfield code="a">Webster County (Ky.)</subfield><subfield code="v">Newspapers.</subfield></datafield><datafield ind1=" " ind2="7" tag="655"><subfield code="a">Newspapers.</subfield><subfield code="2">fast</subfield><subfield code="0">(OCoLC)fst01423814</subfield></datafield><datafield ind1=" " ind2="7" tag="651"><subfield code="a">Kentucky</subfield><subfield code="z">Providence.</subfield><subfield code="2">fast</subfield><subfield code="0">(OCoLC)fst01227032</subfield></datafield><datafield ind1=" " ind2="7" tag="651"><subfield code="a">Kentucky</subfield><subfield code="z">Webster County.</subfield><subfield code="2">fast</subfield><subfield code="0">(OCoLC)fst01214075</subfield></datafield><datafield ind1=" " ind2=" " tag="752"><subfield code="a">United States</subfield><subfield code="b">Kentucky</subfield><subfield code="c">Webster</subfield><subfield code="d">Providence.</subfield></datafield><datafield ind1="0" ind2="0" tag="780"><subfield code="t">Daily Providence enterprise</subfield><subfield code="w">(DLC)sn 86069400</subfield></datafield><datafield ind1="0" ind2="7" tag="785"><subfield code="t">Dixon journal</subfield><subfield code="w">(DLC)sn 86069402</subfield></datafield><datafield ind1="0" ind2="7" tag="785"><subfield code="t">Journal-enterprise</subfield><subfield code="w">(DLC)sn 86069403</subfield></datafield></record>